<?xml version="1.0" encoding="UTF-8"?><collection xmlns="http://www.loc.gov/MARC21/slim"><record><leader>00397nam--2200121-i-4500</leader><controlfield tag="001">000025565</controlfield><controlfield tag="002">20161230</controlfield><controlfield tag="005">20161230201036</controlfield><controlfield tag="008">060222s1000------------r-----000-0-eng-d</controlfield><datafield ind1=" " ind2=" " tag="080"><subfield code="a">061.62(048.1:520):621.039(048.1:520)</subfield></datafield><datafield ind1=" " ind2=" " tag="245"><subfield code="a">The inst.of atomic energy kyoto university. research activities of the inst.of atomic energy kyoto univ. nr.8</subfield></datafield><datafield ind1=" " ind2=" " tag="260"><subfield code="a">Kyoto, Kyoto Univ., 1974. 21p</subfield></datafield><datafield ind1=" " ind2=" " tag="852"><subfield code="a">D.1355</subfield></datafield></record></collection>